@inproceedings{Howard1969TheFN,
  booktitle={},
  title={The formulae-as-types notion of construction},
  author={W. Howard},
  year={1969}
}

@inproceedings{DBLP:conf/csl/Benton94,
  author    = {P. N. Benton},
  editor    = {Leszek Pacholski and
               Jerzy Tiuryn},
  title     = {A Mixed Linear and Non-Linear Logic: Proofs, Terms and Models (Extended
               Abstract)},
  booktitle = {Computer Science Logic, 8th International Workshop, {CSL} '94, Kazimierz,
               Poland, September 25-30, 1994, Selected Papers},
  series    = {Lecture Notes in Computer Science},
  volume    = {933},
  pages     = {121--135},
  publisher = {Springer},
  year      = {1994},
  url       = {https://doi.org/10.1007/BFb0022251},
  doi       = {10.1007/BFb0022251},
  timestamp = {Tue, 14 May 2019 10:00:42 +0200},
  biburl    = {https://dblp.org/rec/conf/csl/Benton94.bib},
  bibsource = {dblp computer science bibliography, https://dblp.org}
}

@article{DBLP:journals/tcs/Girard87,
  author    = {Jean{-}Yves Girard},
  title     = {Linear Logic},
  journal   = {Theor. Comput. Sci.},
  volume    = {50},
  pages     = {1--102},
  year      = {1987},
  url       = {https://doi.org/10.1016/0304-3975(87)90045-4},
  doi       = {10.1016/0304-3975(87)90045-4},
  timestamp = {Wed, 17 Feb 2021 22:00:41 +0100},
  biburl    = {https://dblp.org/rec/journals/tcs/Girard87.bib},
  bibsource = {dblp computer science bibliography, https://dblp.org}
}

@inproceedings{Paykin2016TheEO,
  title={The Essence of Event-Driven Programming},
  author={Jennifer Paykin and N. Krishnaswami and S. Zdancewic},
  year={2016}
}

@inproceedings{DBLP:conf/focs/Pnueli77,
  author    = {Amir Pnueli},
  title     = {The Temporal Logic of Programs},
  booktitle = {18th Annual Symposium on Foundations of Computer Science, Providence,
               Rhode Island, USA, 31 October - 1 November 1977},
  pages     = {46--57},
  publisher = {{IEEE} Computer Society},
  year      = {1977},
  url       = {https://doi.org/10.1109/SFCS.1977.32},
  doi       = {10.1109/SFCS.1977.32},
  timestamp = {Wed, 16 Oct 2019 14:14:54 +0200},
  biburl    = {https://dblp.org/rec/conf/focs/Pnueli77.bib},
  bibsource = {dblp computer science bibliography, https://dblp.org}
}

 @misc{lesh_2017_mergeMap, title={mergeMap}, url={https://rxjs.dev/api/operators/mergeMap}, journal={RxJS}, author={Lesh, Ben}, year={2017}, month={Jun}} 
 
 @mastersthesis{aerabi-MSc,
  author       = {Mohammad-Ali A'r√¢bi}, 
  title        = {A Basis for Event-DrivenProgramming},
  school       = {University of Freiburg},
  year         = 2021
}